@book{prahalad2009fortune,
  title={The fortune at the bottom of the pyramid, revised and updated 5th anniversary edition: Eradicating poverty through profits},
  author={Prahalad, Coimbatore Krishna},
  year={2009},
  publisher={FT Press}
}
@misc{h5pcontent,
  title={{H5P} for content creators},
  author={H5P},
  year={2015},
  howpublished={\url{http://h5p.org/for-content-creators}}
}
@article{cortese2005learning,
  title={Learning through teaching},
  author={Cortese, Claudio G},
  journal={Management Learning},
  volume={36},
  number={1},
  pages={87--115},
  year={2005},
  publisher={Sage Publications}
}
